2376 4332
417 388 653 495 585-

82 557 163 628 aliie
184 558 252 634 elii'
265 559 427 648 prodesse
448 569 598 648 possent.
606 563 629 648 ᾖ(
672 558 819 645 Seneca,
843 559 990 648 Stoicus,

83 663 310 752 „quomodo,
339 663 469 751 inquit,
497 663 675 730 hominem
704 664 990 736 hominirnetura
1058 699 1063 706 ·

83 767 266 850 conciliet,
294 767 343 832 sic
371 766 461 832 inest
485 765 569 834 huic
590 789 726 856 quoque
745 769 796 834 rei
816 770 990 854 stimulus,
1008 777 1011 786 '

83 869 150 960 qui
168 887 234 936 nos·
252 869 482 936 amicitiarum
496 873 691 960 appetentes
707 873 824 940 faetu‘
837 873 945 964 Epist.
957 875 990 942 9.

85 974 207 1056 Quid?
241 965 333 1063 quod
354 973 476 1050 Cicero
506 976 630 1062 (Legg.
650 975 684 1058 l,
709 978 775 1064 15.)
805 977 990 1059 contendit,

83 1077 246 1144 homines
273 1088 393 1143 natura
422 1099 610 1166 propensos
635 1101 705 1145 esse
733 1081 774 1164 e'd
799 1080 990 1167 diligendos

84 1180 268 1250 homines?
300 1181 457 1247 Hoccine
476 1193 526 1246 est
547 1183 676 1271 bellum
696 1184 852 1248 omnium
872 1198 994 1254 contra

85 1283 230 1352 omnes?
268 1284 443 1350 Praetereo
472 1307 587 1352 nonne
610 1286 748 1368 Cicero,
778 1309 892 1353 nonne
913 1289 990 1354 Ho-

85 1391 197 1456 ratius
223 1389 296 1456 suis
324 1390 555 1478 praecipiunt,
584 1401 624 1455 ut
652 1392 792 1479 inipso
819 1390 908 1456 bello
933 1412 993 1457 co-

84 1494 161 1560 lent
180 1491 367 1578 justitiam,
394 1492 486 1558 lenes
508 1495 579 1560 sint
599 1496 637 1560 in
656 1493 791 1560 hostem
812 1495 992 1580 jacentem,

84 1606 230 1688 parcant
248 1595 370 1664 victis?
394 1593 434 1662 'et
447 1595 581 1686 Regulo
599 1597 675 1688 quis
694 1609 853 1666 nostrum
868 1599 994 1688 justior

84 1701 158 1769 fuit
181 1701 219 1766 in
240 1699 399 1768 hostem?
969 1726 972 1732 ’

151 1802 229 1870 Jcm
256 1823 299 1870 ex
319 1801 374 1869 his
396 1804 532 1892 paucis,
560 1826 647 1894 quae
669 1805 854 1873 denatura
875 1793 995 1872 homi-

85 1907 143 1973 nis
176 1930 196 1974 a
225 1907 300 1973 Deo
324 1918 467 1997 accepta
499 1907 672 1993 diximus,
706 1909 807 1976 debet
834 1909 994 1999 intelligi,
1072 1973 1078 1980 .

9 2021 18 2036 '
87 2033 193 2101 quam
220 2009 403 2099 magnifice
430 2023 588 2100 recteque
612 2025 741 2079 veteres
769 2011 824 2080 illi
849 2035 869 2079 a
892 2011 994 2080 nobis

66 2115 220 2198 ,laudati
258 2114 301 2181 de
335 2123 476 2182 summa
506 2117 673 2205 dignitate
705 2119 886 2199 senserint,
926 2139 995 2206 qua
1079 2111 1081 2117 ’

87 2220 186 2286 Deus
213 2217 392 2286 hominem
421 2242 440 2286 a
466 2239 511 2286 ee
530 2233 684 2288 creatum
705 2235 841 2311 praeter
863 2232 995 2289 caetere

89 2323 277 2390 animantia
307 2333 469 2392 ornatum
502 2345 573 2390 esse
600 2326 768 2410 volucrit,
808 2346 995 2414 eorumque

88 2427 201 2494 oratio
223 2449 325 2516 quam
346 2449 417 2497 non
435 2427 581 2494 multum
601 2430 703 2496 distet
719 2429 762 2497 ab
778 2430 848 2498 illis
863 2427 995 2496 Psalmi

88 2530 221 2598 octavi:
253 2532 376 2614 „Quid
392 2541 440 2595 eet
455 2531 577 2616 homo,
598 2536 689 2622 quod
707 2555 888 2601 memores
903 2531 994 2619 ejus!

88 2633 202 2724 glorie
221 2645 254 2700 et
272 2634 403 2700 honore
421 2637 594 2704 coronasti
611 2659 707 2722 eum,
738 2649 771 2705 et
786 2636 996 2704 constituisti

89 2761 172 2806 eum
208 2759 312 2826 super
342 2759 446 2828 opera
475 2763 644 2808 manuum
674 2753 832 2824 tuarum,
876 2739 996 2808 omnia
1095 2741 1098 2748 ⁴

90 2840 272 2930 subjecisti
301 2841 445 2930 pedibus
474 2846 585 2930 ejus.“
634 2843 761 2914 Utrum
784 2856 899 2913 autem
922 2843 1006 2910 uti--

89 2947 160 3012 lius
179 2945 416 3034 efficaciusque
437 2949 478 3013 ed
496 2950 660 3036 juvenum
681 2951 814 3017 animos
832 2959 1045 3028 foetosa-19

89 3052 291 3141 pienterque
313 3051 512 3136 iormandos
536 3052 768 3138 censebimus,
784 3053 994 3144 ,praecipere

80 3165 128 3221 ¹et
147 3155 338 3236 inculcare,
363 3167 403 3220 ut
422 3157 533 3244 capite
549 3157 698 3226 demisso
718 3158 877 3247 tristique
894 3154 995 3224 vultu

90 3259 271 3339 incedent,
306 3258 423 3324 oculos
454 3261 492 3326 in
520 3272 610 3328 terra
639 3258 761 3348 figant,
796 3283 869 3326 nec
890 3259 996 3350 quid-

91 3385 198 3452 quem
229 3361 290 3428 alti
325 3368 477 3451 cogitent
510 3363 727 3447 affectentve,
763 3362 823 3432 sed
860 3383 996 3452 semper

92 3475 271 3532 contrecto
299 3466 414 3535 animo
442 3468 645 3534 intueantur
669 3467 760 3536 illud
784 3469 904 3562 molle,
933 3467 995 3531 lcu-
1081 3489 1088 3509 ¹

92 3570 194 3655 mile,
218 3581 416 3637 enervatum
437 3582 471 3638 et
493 3570 713 3662 loraguidum,
745 3565 841 3661 quod
860 3571 899 3638 in
919 3567 995 3636 ani-

94 3671 162 3740 mis
183 3675 340 3742 omnium
363 3672 463 3760 insit,
494 3686 529 3744 et
550 3699 646 3744 suam
667 3673 920 3766 proclivitatem
942 3684 995 3742 at-
