2374 4326
365 467 416 515 -'
453 459 611 531 tos-s

9 629 186 698 ,cicorum
217 631 429 724 scriptorum
456 633 612 726 religiosi
636 643 868 718 contemtores
894 635 939 704 ds

24 734 233 821 Lactantio,
261 737 338 804 viro
355 736 586 826 probissimo,
613 740 751 823 dicent,
778 739 871 830 quod
893 741 957 806 de‘

25 838 103 904 hoc
134 837 213 904 loco
248 837 297 907 ita
331 840 482 908 scribare
517 865 590 910 non
619 843 790 912 dubitarit
803 843 872 927 Vl,
892 843 941 912 8?

25 941 142 1008 Hanc
163 943 273 1032 legem
292 944 345 1012 M.
374 945 508 1012 tultus
523 969 636 1036 paene
654 945 778 1014 diviua
792 945 943 1014 vocetic·
1015 957 1018 968 '

19 1045 161 1134 pinxit.
216 1047 303 1132 Quis
332 1060 586 1114 mercamentum
614 1050 686 1116 Dei
714 1052 824 1118 sciens
852 1051 894 1133 (i.
911 1071 950 1115 u·
976 1122 979 1126 .

28 1147 275 1232 Christianus)
303 1159 378 1216 uun
396 1147 636 1238 signficautcr
656 1175 819 1218 enarrare
832 1153 942 1240 legem

26 1249 104 1316 Dci
117 1252 253 1339 possit,
278 1275 381 1341 quam
404 1253 506 1318 illam
525 1254 629 1319 ltomo
649 1254 754 1343 louge
775 1278 799 1319 a
816 1256 943 1321 veritae

26 1355 76 1419 tis
106 1355 239 1421 notitia
263 1365 413 1421 remotus
434 1349 628 1446 expressit?
670 1361 733 1426 An
757 1357 818 1422 isti
834 1356 887 1445 pii
907 1377 943 1421 ae

26 1455 144 1543 magis
166 1457 241 1546 pios
263 1458 375 1524 dicere
389 1457 565 1524 audebunt
578 1482 682 1548 quam
699 1459 959 1528 Lactantiumi

26 1559 157 1649 Neque
179 1582 268 1628 vero
278 1560 426 1627 dubium
447 1561 584 1629 ridetur
606 1585 699 1646 esse,
726 1564 830 1651 quin,
860 1584 944 1652 quae

27 1685 128 1730 nunc
158 1685 206 1730 ex
233 1663 383 1731 classicis
406 1666 632 1755 scriptoribus
653 1679 844 1762 repetemus
867 1688 945 1732 mo-

26 1789 114 1834 rum
135 1766 291 1857 vitaeque
313 1781 514 1862 praecepta,
542 1770 732 1838 maximam
754 1783 845 1840 corte
862 1791 945 1861 par-

27 1886 104 1941 tem
126 1893 171 1939 cx
188 1872 257 1939 hoc
278 1871 376 1939 fonto
397 1873 578 1942 fluxerint.

98 1976 305 2044 Rectissime
326 1961 382 2042 illi
404 1979 635 2061 contendunt,
658 1999 730 2044 esse
749 1987 872 2044 natura
894 1973 945 2043 sic

27 2091 231 2170 generatam
254 2082 326 2150 vim
348 2080 519 2174 hominis,
547 2093 587 2148 nt
609 2081 651 2148 ad
675 2103 812 2148 omnem
833 2071 946 2148 virtu⁴

29 2197 106 2252 tem
134 2185 394 2277 percipiendam
422 2186 513 2253 facta
535 2187 708 2271 videatur,
738 2196 773 2251 et
794 2207 866 2250 esse
887 2183 945 2261 in·

28 2289 145 2376 geniia
165 2291 292 2356 nostris
312 2291 445 2357 semina
461 2291 577 2357 innata
593 2291 782 2372 virtutum,
805 2289 864 2354 sed
879 2287 943 2354 hos

27 2393 207 2482 igniculos
229 2418 248 2461 a
270 2405 392 2460 natura
413 2393 509 2460 datos
534 2393 757 2484 opinionibus
779 2392 945 2483 deprava·
973 2473 977 2480 ,

27 2501 75 2565 tis
102 2507 137 2562 et
157 2497 351 2580 erroribus,
374 2497 435 2586 qui
456 2499 664 2587 paone'cum
686 2499 774 2564 lacte
795 2495 944 2564 nutricis

29 2611 219 2689 sugantur,
241 2600 398 2668 celeriter
419 2602 606 2691 restingui,
626 2613 667 2668 ut
686 2621 868 2691 nusquam¹
880 2620 945 2670 na·

27 2718 134 2772 turae
162 2703 282 2770 lumen
307 2717 478 2796 appareat.
508 2728 542 2774 v.
562 2705 636 2772 cic.
652 2703 727 2772 Fin.
745 2704 793 2788 V,
814 2705 871 2786 ts,
890 2703 964 2782 43„

30 2811 145 2876 Tusc.
165 2807 230 2892 lll,
254 2811 284 2878 1.
336 2811 391 2876 De
419 2810 531 2876 causis
559 2809 646 2876 mali
673 2807 729 2878 vol
756 2805 944 2897 strepentis

28 2913 90 2984 vel
112 2910 290 2978 influentis
310 2912 395 2980 haec
415 2913 565 3002 legimus
585 2913 676 3004 apud
689 2912 776 2991 ,illos
792 2902 944 2980 'veterent

29 3016 168 3084 animis
199 3037 316 3084 omues
344 3017 533 3086 tenduntur
560 3015 712 3084 insidiae
738 3013 793 3084 vel
819 3012 946 3094 abiis,

29 3145 121 3213 quos
137 3119 240 3184 modo
257 3121 456 3188 enumeravi
473 3121 668 3216 (parentes,
685 3120 852 3204 nutrices,
872 3139 946 3182 mtt-

23 3224 159 3316 gistri,
173 3234 318 3311 poetae,
339 3247 461 3304 scena,
482 3223 717 3292 multitudinis
737 3219 946 3308 consensus),

30 3332 96 3424 qui
124 3340 259 3423 tencrps
284 3341 317 3396 ct
341 3329 443 3396 rudes
466 3354 569 3420 quum
590 3340 806 3420 occeperunt,
834 3325 947 3418 itfici·

29 3445 100 3502 unt
119 3443 154 3498 ct
163 3432 313 3522 flectunt
332 3445 371 3500 ut
392 3433 533 3520 volunt5
563 3434 618 3503 vet
638 3432 682 3502 ab
703 3456 763 3522 ea,
786 3455 872 3522 quoe
889 3427 947 3523 p'c·

33 3593 244 3615 ,ιι-μ...-

106 3678 141 3745 4,
163 3694 209 3747 ις,
226 3695 306 3746 quem
322 3679 414 3734 Cicero
432 3681 512 3736 rna.
527 3678 557 3748 1,
572 3682 608 3736 50
624 3693 700 3736 vocat
715 3679 901 3738 domimum
917 3678 949 3736 in

109 3762 188 3844 uobis
204 3764 294 3819 dum.
