2376 4332
344 377 531 476 s-sss'r
585 409 628 460 -’-

55 583 172 665 Quem
203 582 329 648 locum'
346 581 544 648 Lactantius
571 579 704 660 Iusti,
726 583 758 646 8⁸
786 581 832 646 it's
857 582 964 648 inter«

54 697 227 774 pretatur:
260 687 397 767 „unius
416 685 471 752 dei
494 684 564 756 vim
586 686 864 772 majestatemque
886 697 962 749 ten-
997 701 1004 736 s
1064 741 1067 745 .

55 801 128 864 tsm
149 811 219 878 esse
240 789 324 854 dicit
345 790 382 852 in
396 788 555 884 Timaeo,
573 798 612 852 ut
631 811 705 853 earn
723 809 831 876 neque
849 801 962 854 mente

55 894 258 982 concipere,
296 915 404 981 neque
442 892 554 958 verbis
590 913 747 956 enarrare
783 895 962 981 quisquam

54 1000 169 1085 possit
198 997 241 1062 ob
270 996 414 1062 nimium
443 1008 478 1062 ct
500 993 787 1060 inaestimabilem
812 1007 963 1084 potesta·
1036 1034 1038 1046 =

54 1101 176 1180 tem;“
215 1099 307 1189 quo'd
331 1099 424 1164 idem
448 1082 572 1188 repetit
597 1100 639 1164 de
658 1097 714 1162 ¹Ire
739 1099 794 1162 dei
816 1121 887 1188 cap.
912 1105 962 1166 tt:

53 1201 180 1290 Neque
208 1223 290 1268 vero
320 1201 409 1268 hunc
439 1201 579 1268 illorum
609 1199 856 1267 confessionem
886 1201 962 1265 Hc«

54 1305 194 1370 mericis
217 1306 427 1371 contrariam
449 1292 656 1387 ἀρίγνωτοι
682 1291 725 1365 δὲ
750 1291 859 1380 sisoi,
896 1308 963 1370 mi-

53 1407 127 1474 rari
149 1409 365 1496 congruerit,
388 1429 495 1498 quum
514 1407 553 1473 in
573 1407 640 1473 ssa
663 1408 755 1474 idem
776 1407 844 1472 dici
864 1411 962 1496 repe-

53 1511 204 1593 riemus,
228 1523 266 1600 ut
285 1519 299 1579 1
321 1512 401 1578 Cor.
421 1513 458 1593 9,
476 1515 525 1580 11.
551 1515 566 1578 1
585 1511 679 1577 Tim.
701 1513 739 1590 6,
759 1509 808 1577 16.
830 1533 961 1600 ,esque
1043 1555 1045 1560 -

55 1629 175 1681 tumen
207 1638 294 1698 nou,
330 1618 421 1706 quod
445 1614 622 1694 nonn'ulli,
654 1627 865 1705 repugnante
888 1617 961 1682 divi

54 1718 158 1784 Pauli
174 1719 329 1786 doctrine
347 1723 384 1785 iu
402 1721 499 1810 epist.
516 1719 558 1783 ud
574 1718 676 1784 Rom.
692 1728 730 1797 t,
752 1720 807 1796 19,
830 1719 960 1798 volunt,
969 1711 1011 1778 ‘23

53 1819 219 1902 efficitur,
252 1833 290 1888 ut
319 1825 416 1887 ratio,
437 1825 585 1888 humans
616 1847 677 1911 per
697 1825 740 1886 'se
762 1823 865 1886 deum
889 1845 960 1887 non

53 1927 165 2014 possit
182 1947 394 2014 cognoscere.
413 1928 465 2010 ³⁸)
506 1925 595 1990 Saue
606 1923 821 2016 perdifficilis
839 1939 872 1990 et
884 1951 961 2014 per-

53 2029 197 2094 obscura
219 2031 370 2118 quaestio
394 2041 443 2094 est
464 2027 505 2092 <ie
526 2042 652 2110 natum
676 2029 745 2112 stru',
772 2042 821 2106 et,
848 2040 884 2092 ut
908 2033 961 2093 vis

53 2132 174 2213 detur,
213 2133 442 2220 hencipsum
478 2131 522 2196 ob
560 2155 695 2198 causum
730 2113 971 2222 antiquissimi(

54 2238 183 2303 Greeei
206 2259 302 2304 suern
326 2257 361 2300 se
385 2237 527 2301 deorum
550 2238 781 2324 cognitionem
805 2237 956 2328 primurn

52 2341 194 2430 quidem
216 2365 234 2405 s
257 2341 322 2406 diis
344 2340 446 2428 ipsis,
468 2341 509 2405 ed
532 2339 689 2406 homines
708 2362 958 2428 nonnunquam

53 2444 354 2524 descendentibus,
381 2453 495 2534 postea
520 2467 581 2534 per
604 2444 760 2524 oraculo,
784 2456 956 2533 pervertes

51 2559 87 2613 et
117 2569 181 2637 per
208 2553 325 2639 po'e'tas
357 2569 375 2612 e
405 2547 470 2614 diis
500 2547 633 2614 afflatos
655 2549 823 2636 accepisse
847 2548 958 2612 credi-

52 2651 197 2731 derunt,
218 2653 289 2738 ³⁹)·
302 2653 446 2741 ideoque
467 2651 593 2718 horum
617 2673 752 2742 quoque
775 2651 873 2717 effatu
897 2652 956 2715 diu

52 2765 93 2820 ut
126 2755 242 2820 divine
275 2758 333 2844 pi'o
363 2767 576 2845 exceperunt
603 2757 731 2823 inimo.
787 2757 886 2820 Plato
913 2757 956 2820 de

51 2859 163 2947 Legg.
188 2857 259 2941 VI,
282 2859 345 2928 759
373 2859 447 2928 vult
468 2861 623 2949 Delphos
651 2861 759 2940 mitti,
789 2861 848 2948 qui
875 2859 955 2924 inde

52 2963 145 3050 leges
174 2961 216 3028 de
242 2961 345 3029 rebus
375 2963 502 3031 divinis
524 2965 655 3043 ferant,
685 2965 795 3053 iisque
817 2955 956 3052 praefici
990 2971 993 2986 '

52 3067 271 3155 interpretes,
291 3068 414 3154 quibus
438 3068 484 3134 sit
503 3068 677 3147 utendum.
723 3067 814 3133 Vere
831 3065 952 3151 Strabo

91 3363 139 3442 ³⁸)
158 3365 290 3432 Quatenus
311 3367 389 3419 homo
409 3370 460 3420 dici
477 3373 560 3439 possit
576 3370 654 3422 deum
673 3386 840 3436 cognoscere,
867 3387 953 3435 popu-

122 3451 210 3502 lariter
225 3453 352 3519 planeque
371 3457 489 3524 exposuit
502 3456 715 3522 Wegschsiderus
734 3459 759 3506 iu
776 3455 954 3520 Prolsg.1ust.

122 3535 201 3586 theol.
217 3553 240 3587 c.
258 3537 278 3587 1.
297 3540 331 3590 iu.

90 3617 139 3684 ³⁹)
158 3619 235 3672 Vides
253 3621 295 3672 hic
313 3641 414 3690 quoque
433 3623 557 3676 creditam
575 3619 673 3675 uitiosis
687 3625 847 3678 revelationis
863 3639 953 3674 neccs-

118 3707 230 3756 stentem.
