2374 4326
427 394 663 467 -tldd-
730 496 731 501 ἵ

83 575 212 654 potest·
223 599 269 620 ·-
307 564 389 666 Fuit
402 564 558 658 profecto
576 566 935 658 quibusdumsummis
948 559 999 642 vi·

88 669 142 734 ris
161 666 331 756 quaedam
352 668 402 734 ad
421 693 475 736 rea
497 693 647 760 magnas
665 669 929 758 benegerendne
945 674 998 740 di-

87 769 221 838 vinius
236 769 579 860 adamaefhrtuna.

153 872 306 956 Quodsi,
342 897 436 964 quae
450 869 617 943 haetenus
647 875 688 942 de
710 888 865 944 veterum
886 879 997 946 Grae-

86 995 213 1044 corum
244 999 284 1070 ao
303 977 543 1046 Romanorum
565 980 689 1068 pietete
717 1002 798 1069 erga
821 979 901 1046 deos
926 982 998 1048 dis·
1067 1007 1070 1013 ¹

86 1079 308 1168 putavimus,
332 1105 414 1151 vera
439 1095 540 1165 sunt,
570 1070 771 1171 idoneisque
787 1086 997 1158 testimoniis

87 1183 310 1266 confirmata,
337 1187 392 1276 illi
412 1187 503 1254 mihi
521 1186 683 1256 videntur
702 1188 859 1276 iniquius
876 1189 918 1254 de
935 1188 998 1254 iis-

86 1288 168 1353 dem
185 1287 325 1377 populis
346 1291 517 1376 judicare,
547 1289 609 1380 qui
627 1311 684 1357 eos
704 1289 815 1358 officia
837 1313 917 1358 oum
940 1313 998 1358 re-

85 1399 210 1480 spectu
229 1391 272 1458 ad
292 1393 373 1460 deos
393 1395 418 1461 i.
439 1417 467 1460 e.
488 1404 670 1484 propterea
693 1394 787 1483 quod
807 1395 858 1460 dii
871 1417 909 1461 ea
924 1394 998 1461 vel-
1034 1408 1037 1424 '

84 1495 163 1560 lent
189 1497 374 1585 praestari,
407 1497 571 1580 coluisse,
605 1497 651 1564 ob
683 1519 826 1588 eamque
849 1519 996 1578 eausam

84 1601 225 1689 pietatis
260 1599 432 1689 perfectae
462 1601 615 1690 perfecto
645 1599 785 1667 functos
818 1623 889 1668 esse
917 1619 1016 1668 mu-·

84 1724 188 1786 nere,
222 1702 363 1772 audent·
381 1725 520 1794 negare.
579 1704 673 1771 Nam
700 1704 808 1793 magis
839 1705 1002 1772 minusve-

85 1808 183 1874 olare'
199 1807 413 1895 significant,
438 1808 608 1897 sefacere
629 1808 685 1878 vel
704 1811 882 1890 omittere,
903 1810 997 1899 quod

86 1913 171 1978 deus
200 1911 287 1979 velit
316 1910 371 1980 vel
400 1909 490 1978 nolit
516 1910 609 1978 fieri:
648 1911 857 1982 uerebantur.
874 1912 996 1980 Jovem

84 2013 313 2104 hospitalem
340 2015 512 2104 injustum
534 2015 598 2091 deo
617 2037 691 2084 esse
711 2015 794 2082 odio
813 2015 996 2082 existima-

84 2119 193 2203 bant3
230 2119 376 2189 deorum
403 2114 616 2184 contemtum
637 2141 766 2208 poenas
793 2120 892 2202 dare,
928 2119 994 2184 diis

70 2235 202 2315 sautem
225 2244 397 2310 quemque
420 2221 563 2312 obsequi
584 2233 762 2312 oportere,
796 2217 1050 2296 communis29'

84 2337 173 2394 erat·
180 2326 366 2415 persuasio.
410 2325 531 2408 Quid?
559 2327 652 2415 quod
674 2327 861 2392 Pausanias
884 2326 918 2408 1,
942 2327 994 2411 17,

84 2436 103 2500 1
135 2432 238 2498 audet
265 2430 434 2511 seribere,
472 2451 540 2520 quo
570 2431 647 2520 quia
677 2430 842 2516 majolum
873 2428 996 2519 pietati
1053 2459 1057 2468 ·

84 2555 227 2624 operam
247 2533 323 2616 det,
352 2555 392 2600 eo
415 2533 616 2619 benigniore
637 2535 690 2600 nti
707 2532 861 2600 fortuna.
905 2532 995 2598 Sen-

82 2661 144 2704 sus
163 2635 288 2704 lautam
309 2636 371 2702 ille
391 2639 618 2721 necessitatum
655 2638 737 2704 deos
759 2659 831 2704 esse
852 2635 994 2725 placan-

83 2740 167 2824 dos,
211 2741 294 2829 quid
321 2739 519 2808 testabatur·
537 2741 607 2806 nisi
636 2751 790 2807 mentem
818 2740 993 2806 consciam

82 2861 229 2926 eorum,
263 2865 351 2934 quae
380 2855 500 2910 contra
530 2844 673 2916 deorum
708 2843 917 2912 voluntatem
939 2843 995 2910 le-'

82 2969 232 3038 gemque
273 2957 385 3034 essent
420 2947 595 3026 admisse?
645 2947 804 3037 Denique
839 2948 923 3036 quid
953 2947 992 3012 in

81 3063 266 3142 praecepto
293 3073 414 3118 eorum
441 3053 548 3134 inest,
584 3051 626 3118 ad
650 3051 704 3117 dei
725 3052 991 3118 similitudinem

82 3156 286 3224 enitendum
315 3177 386 3220 esse
417 3155 572 3237 homini,
605 3155 675 3222 nisi
703 3155 916 3237 adhortatio,
951 3164 992 3220 ut

82 3260 177 3328 nihil
208 3280 319 3346 neque
352 3269 473 3346 agetur
504 3271 618 3348 neque
638 3261 821 3326 omittatur
841 3261 920 3326 sine
936 3279 992 3324 re-

83 3374 206 3453 spectu
224 3363 267 3428 ad
283 3363 339 3428 dei
353 3361 864 3451 voluntatemexsmplumque?
892 3364 991 3430 Haeo

84 3477 120 3535 et
146 3466 274 3534 similia
297 3466 420 3553 jubent
446 3489 509 3532 nos
541 3467 725 3556 diligenter
756 3489 896 3548 cavere,
934 3486 991 3546 ne,

85 3571 150 3660 qui
170 3558 306 3660 pietatis
326 3569 473 3636 cultores
494 3571 571 3657 jure
593 3563 799 3640 nominandi
817 3571 907 3653 sint,
934 3589 992 3634 eos

85 3673 278 3766 impietatis
299 3672 429 3763 injuria
455 3695 675 3744 accusemus..
748 3682 756 3698 ‘
