2376 4332
372 413 452 494 ΙΙ---
505 383 549 452 rs
600 419 673 456 -,
758 429 761 435 .

67 550 309 642 contemplans
350 550 645 640 pulchritudinem
686 575 807 624 earum
846 577 976 644 rerum

66 677 154 746 quas
190 656 322 744 divine¹
343 655 559 745 providentia
590 657 736 728 dicimus
762 663 974 747 constitutas,

47 759 291 850 ,progreditur
319 761 408 848 (esp.
427 759 494 848 39.)
515 784 535 826 u
562 755 651 836 terr'u
670 763 829 833 universa
851 761 1024 835 vestita'ld

64 862 234 945 floribus,
269 859 402 945 herbis,
434 860 631 945 arboribus,
660 865 840 953 frugibus,
872 869 976 959 (qoo-

64 987 151 1032 rum
171 965 329 1033 omnium
345 965 558 1032 incredibilis
578 967 767 1036 multitudo
785 973 975 1040 insatiabili

65 1070 230 1138 varietate
245 1063 489 1160 distinguitur)
510 1071 555 1136 ad
575 1067 730 1138 fontium
751 1075 878 1161 gelidas
893 1095 975 1167 per-

65 1174 259 1257 ennitates,
304 1172 455 1262 liquores
484 1172 679 1263 perlucidos
708 1177 883 1261 amnium,
924 1179 975 1256 ri⁴

63 1297 193 1366 parum
207 1276 350 1345 vestitus
363 1276 607 1358 viridissimas,
625 1275 869 1366 speluncarum
888 1303 975 1348 eon-

64 1401 170 1447 csvas
189 1378 405 1463 altitudines,
430 1381 742 1472 inmensitatesque
759 1405 974 1474 camporum,
1052 1467 1056 1480 .

64 1483 263 1551 reconditas
293 1483 371 1550 auri
398 1483 600 1572 argentique
628 1505 748 1569 venas,
784 1488 976 1556 infinitam-

65 1607 137 1676 que
166 1589 238 1656 vim
264 1589 465 1660 marmorise
502 1598 748 1656 commemorat
777 1601 849 1660 tam
878 1594 974 1661 varia

64 1695 192 1782 geneis
226 1690 412 1758 bestiarum
449 1689 505 1758 vel
537 1691 694 1758 cicurum
725 1691 780 1760 vel
807 1691 974 1780 ferarum,

64 1795 253 1864 volucrum
280 1795 398 1884 lapsus
427 1805 461 1860 et
486 1805 622 1876 cantus,
651 1796 824 1887 pecudum
844 1811 973 1887 pastus,

63 1901 175 1969 vitam
197 1897 439 1989 sylvestrium
464 1907 539 1962 tum
563 1918 672 1985 genus
695 1899 891 1986 hominum,
913 1905 973 1994 qui

64 2003 167 2092 quasi
185 2003 338 2069 'cultores
361 2011 471 2067 terrae
500 2001 678 2067 constituti
697 2023 767 2069 non
790 2006 973 2096 patiuntur

65 2127 147 2175 erm
171 2127 235 2172 nee
264 2105 478 2172 immanitate
504 2099 687 2172 beluarum
716 2107 872 2191 efferari,
909 2129 973 2175 neo

63 2210 230 2301 stirpium
251 2209 431 2298 asperitate
453 2207 579 2275 restari
601 2209 860 2300 (rerwildern),
884 2233 972 2302 quo-

64 2335 217 2402 rumque
246 2313 410 2402 operibus
429 2312 520 2399 agri,
556 2310 689 2380 insulae
707 2313 876 2404 litoraque
900 2315 973 2381 col-

63 2417 187 2484 lucent
207 2416 368 2484 distincte
390 2416 489 2482 tectis
506 2421 539 2480 et
558 2415 715 2482 urbibus.
759 2418 896 2501 „Quae
914 2421 972 2487 in·

65 2521 164 2611 quit,
192 2521 228 2588 si
242 2531 282 2586 ut
302 2519 426 2588 animis
450 2517 500 2612 sic
521 2516 632 2585 oculis
654 2521 769 2588 videre
782 2515 972 2614 possemus,
1007 2567 1009 2574 ,

63 2647 171 2692 nemo
199 2634 361 2692 cuneum
388 2623 526 2690 intuens
554 2631 683 2691 terram
710 2621 751 2689 de
773 2626 889 2692 divina
914 2649 972 2694 ra-

63 2729 163 2796 tione
193 2726 401 2794 dubitaret.“
428 2725 548 2792 .Tum
569 2726 686 2794 laudat
710 2729 816 2795 meris
837 2728 971 2818 pulcri·

63 2833 225 2900 tudinem
262 2845 297 2899 et
323 2830 473 2922 speciem
502 2830 675 2912 universi,
711 2831 969 2903 multitudinem

63 2949 100 3004 et
123 2932 324 3006 varietatem
344 2933 553 3017 insularum,
586 2934 806 3002 amoenitates
829 2957 970 3006 orarum

64 3051 101 3108 et
137 3039 299 3124 litorum,
343 3061 417 3106 non
450 3039 721 3128 praetermittens
756 3049 811 3105 tot
845 3061 970 3126 genem

63 3157 205 3234 tamque
227 3144 377 3234 disparis
394 3143 522 3233 partim
542 3142 814 3224 submersarum,
842 3143 970 3234 partim

63 3245 281 3318 fluitantium
303 3259 336 3314 et
354 3247 551 3314 innantium
567 3246 764 3328 beluarum,
786 3248 909 3339 partim
927 3249 970 3316 ad

135 3528 169 3562 ue
192 3509 334 3562 millesime
352 3496 467 3574 iungeret
485 3509 594 3576 pagium
619 3505 666 3560 sed
682 3509 705 3560 si
723 3507 764 3558 eui
780 3503 844 3558 hore
862 3472 972 3574 vaiebit,

75 3601 81 3609 ·
133 3595 205 3660 legat
227 3593 274 3646 boa
297 3597 370 3646 locos
394 3595 521 3658 integros,
554 3607 605 3660 quo
628 3604 718 3644 auctor
743 3591 968 3660 eloquentissimus
1043 3637 1046 3644 .

135 3690 240 3748 pectore
257 3679 348 3744 itioris,
370 3679 491 3748 inprimis
508 3677 639 3730 docentes·
658 3699 661 3711 ·
682 3703 684 3712 v
706 3757 760 3824 Ἠ
835 3707 839 3718 -
