2374 4326
481 401 789 486 Α..ιιι-

183 577 404 671 ¹praecipiat
424 599 464 646 ac
485 574 653 668 postulet,
687 574 941 666 sanctissimum
971 595 1046 642 esse
1070 575 1126 642 dei

216 695 437 775 praeceptum
469 691 503 746 et
529 677 818 770 postulationem,
850 680 1019 768 quidquid
1049 681 1125 746 cui-

173 826 175 833 1
217 807 285 878 que
307 789 444 868 datum,
472 791 664 888 negatum,
678 782 852 848 edemtum
875 783 936 864 sit,
956 783 1123 850 addeum

217 904 279 958 eut
304 891 476 959 volentem
509 897 568 955 eut
596 888 851 1007 permittentem
872 907 948 958 esse
973 884 1124 962 referen-

217 996 322 1076 dum,
353 993 444 1058 nihil
466 1013 577 1080 neque
597 992 638 1056 in
657 989 799 1080 privatis
819 1010 929 1080 neque
947 990 1001 1056 in
1007 991 1124 1080 publi·

143 1127 174 1182 ι,
216 1098 266 1165 cis
289 1096 390 1163 rebus
414 1095 507 1186 quod
530 1105 667 1161 aeterno
690 1092 745 1158 dei
766 1093 931 1176 consilio,
967 1104 1003 1160 et
1025 1117 1123 1184 pree-

93 1217 95 1224 “
216 1202 325 1268 sentia
343 1211 377 1267 et
398 1193 537 1282 future,
563 1207 598 1264 et
615 1197 751 1286 singula
766 1208 801 1262 et
813 1198 1014 1264 universum
1028 1221 1123 1264 com·

114 1286 117 1299 Δ
215 1306 397 1395 plectenti,
434 1304 650 1382 adversetur,
686 1301 836 1368 feliciter
864 1301 995 1391 suscipi
1024 1323 1120 1392 posse

215 1420 317 1498 atque
337 1406 473 1498 perfici,
499 1405 590 1473 nihil
610 1405 771 1494 cuiquem
792 1427 905 1494 neque
918 1405 1051 1472 laetum
1063 1429 1121 1470 ne-

216 1534 284 1602 que
312 1513 410 1576 triste
431 1509 496 1576 deo
526 1507 745 1598 imprudente
767 1510 939 1592 accidere,
975 1510 1120 1600 denique

216 1623 496 1706 unumquemque
533 1611 627 1702 quod
663 1613 813 1700 pertinet
840 1614 1041 1696 advitam,
1080 1613 1118 1680 ed

213 1729 383 1802 mortem,
417 1719 460 1787 ed
482 1718 638 1784 animum
659 1727 693 1780 et
715 1739 839 1806 corpus
855 1739 1050 1806 ,eorumque
1070 1717 1119 1783 vi-

213 1833 270 1888 res
300 1833 335 1888 at
361 1821 524 1902 virtutes,
558 1819 678 1885 adres
706 1807 866 1886 externas
884 1832 931 1906 ‘et
959 1823 1004 1888 ad
1025 1843 1118 1911 spem

214 1947 332 1994 rerum
356 1935 435 2014 post
463 1933 610 1989 mortem
641 1922 839 1990 iuturarum
853 1945 891 1989 e
913 1924 1029 1993 divine
1059 1947 1118 2016 po-

191 2027 192 2032 ’
213 2029 341 2111 tentia,
370 2028 531 2118 sapientia
555 2037 589 2092 et
610 2025 819 2118 benignitate
834 2038 947 2094 totum
961 2030 1116 2118 pendere,

214 2123 318 2213 haec,
347 2131 507 2220 inquam,
537 2131 714 2220 persuasio
738 2153 842 2220 quam
862 2146 998 2221 aperte,
1020 2134 1115 2211 olere,
1166 2135 1168 2229 ,¹

213 2235 420 2302 mirabiliter
449 2255 547 2322 saepe
578 2232 691 2298 elucet
712 2255 758 2299 ex
781 2237 879 2302 omni
899 2241 1055 2304 veterum
1076 2235 1115 2302 il·

215 2336 333 2404 lorum
351 2337 490 2406 vivendi
510 2338 702 2427 agendique
722 2338 856 2405 ratione
878 2351 954 2406 tum
979 2341 1113 2430 publica

51 2474 53 2476 ·
101 2516 104 2520 ¹
214 2453 290 2508 tum
317 2441 469 2532 privatal
512 2441 668 2506 Hic‘est
696 2439 755 2511 ille
784 2444 855 2530 jam
883 2442 1114 2534 1¹.11,p.39
1162 2467 1163 2517 ι

215 2556 504 2613 commemoratus
526 2565 665 2626 sensus,
700 2545 762 2632 qui
782 2545 820 2611 in
840 2549 1033 2637 praecipuis
1053 2569 1114 2638 pn·

214 2651 429 2739 nissimisqne
451 2669 550 2715 verae
570 2648 706 2736 pietatis
722 2649 878 2716 fontibus
894 2662 1045 2720 meretur
1059 2653 1114 2718 ln·-
1159 2669 1160 2734 t

212 2752 308 2835 beri,
348 2764 382 2818 et
410 2762 502 2818 recte
531 2751 602 2817 dici
620 2754 729 2840 possit
742 2752 963 2834 luculentum
983 2779 1053 2824 nou
1073 2757 1113 2821 si·
1158 2739 1159 2806 l

212 2855 363 2924 molatae
383 2856 519 2945 pietatis
542 2854 798 2939 testimouium,
830 2879 898 2944 que
920 2857 976 2924 illi
990 2871 1111 2925 veteres

212 2960 395 3081 perfusum
416 2959 573 3026 animum
597 2958 790 3026 habuerint.
834 2961 1035 3044 Pausanias,
1057 2983 1112 3026 ou·

213 3065 268 3151 jus
289 3063 398 3153 pietas
421 3061 544 3128 similis
565 3073 617 3128 est
636 3062 892 3158 Herodoteae‚
891 3065 924 3147 Ι,
946 3067 1051 3147 99,8,
1071 3064 1112 3130 li·

213 3167 296 3235 bere
328 3167 431 3247 dicit,
467 3167 572 3232 deum
598 3189 671 3232 uon
693 3168 800 3233 semel
820 3168 1025 3248 ostendisse,
1057 3168 1110 3287 qui

213 3294 234 3337 e
254 3273 396 3338 Graecis
426 3271 534 3336 fortes
563 3255 768 3376 (ἀνδρεῖοι)
797 3271 1030 3378 appellentur,
1061 3275 1111 3337 ni·

213 3374 266 3440 hil
301 3397 373 3441 esse
402 3374 477 3440 eine
503 3373 660 3454 fortune,
697 3396 802 3464 quem
831 3371 895 3441 iste
923 3376 1109 3465 scriptore

172 3553 174 3559 y
214 3477 289 3543 solo
316 3477 449 3567 putavit
469 3477 536 3544 deo
554 3476 713 3565 pendere.
762 3477 883 3566 Neque
905 3479 1029 3548 Cicero
1052 3480 1108 3545 du

213 3580 403 3648 bitevitin
428 3579 583 3646 oratione
609 3577 780 3670 prolege
806 3581 930 3670 Manil.
952 3605 981 3649 o.
1007 3581 1049 3664 id
1065 3583 1108 3649 ite

213 3681 328 3772 loqui:
362 3681 582 3750 Felicitatem
594 3694 777 3774 praestare
799 3682 843 3752 de
862 3685 993 3774 serpso
1015 3707 1107 3752 nemo
