2374 4326
402 411 639 479 --117-
720 491 721 498 a

64 599 280 667 quamquam
307 605 370 648 nos
398 582 480 648 tolia
501 581 736 648 machinantes
757 591 796 648 ut
817 594 969 651 monstra

63 690 99 744 et
113 682 289 770 prodigia,
308 688 435 776 cuique
449 686 591 775 propius
605 687 783 752 accedenti
797 687 973 812 pestifera,

62 782 248 872 fugiendos
271 809 342 858 esse
365 791 574 856 doceamus.

128 888 365 958 Precationem
385 891 547 958 omnibus
567 889 712 978 alicujus
729 893 970 960 momentifro·

60 985 129 1053 bus
147 991 353 1084 incipiendis
368 995 600 1061 adhibendam
618 1017 708 1076 esse,
727 996 968 1062 Romanorum

60 1115 200 1184 quoque
222 1109 379 1166 veterum
399 1099 658 1188 persuasionem
679 1099 803 1180 fuisse,
832 1097 969 1176 Plinius

58 1205 208 1265 testatur
226 1201 479 1292 Banegyricum
498 1203 546 1267 ita
565 1202 721 1270 'ordiensa
752 1203 846 1268 Bene
861 1217 903 1268 ao
915 1227 971 1270 aaa

51 1300 195 1388 pientes·
223 1307 371 1394 majores
400 1305 625 1371 instituerunt
652 1318 691 1371 ut
717 1329 832 1372 rerum
860 1329 970 1392 ogen-

59 1399 188 1470 clarum
208 1407 262 1472 itu
284 1405 422 1474 dicendi
439 1408 581 1474 initium
600 1431 623 1473 a
639 1405 970 1498 pmcationibuaca·

54 1527 160 1594 pere,
185 1509 276 1598 quod
295 1511 389 1577 nihil
409 1512 476 1578 rite
496 1507 657 1598 nihilque
665 1509 887 1600 providenter
908 1509 970 1580 leo·

59 1607 175 1674 minea
195 1613 271 1678 aine
286 1613 428 1681 deorum
445 1614 697 1680 immortalium
711 1635 792 1702 ope,
812 1612 987 1696 consilio,-

59 1711 192 1780 lronora
206 1718 488 1806 auspicarentur.
538 1715 649 1782 Iidem
670 1714 784 1806 prisco
808 1715 970 1780 instituto

59 1837 172 1904 quum
203 1819 334 1906 aliquid
367 1819 683 1886 commendandum
716 1829 820 1901 esset,
855 1838 970 1908 preca·

57 1921 177 2003 tione,
205 1945 314 2011 quum
336 1925 611 2014 exposcendum,
639 1934 739 2005 voto,
768 1943 877 2012 quum
898 1919 969 1985 sol-

57 2023 230 2108 vendum,
261 2027 491 2112 gratulatione
522 2025 721 2092 utebantur.
746 2026 832 2114 ³⁵⁴)
885 2023 969 2090 Non

57 2125 211 2193 defuisse
241 2128 333 2197 inter
352 2129 548 2212 Romanos,
584 2129 645 2220 qui
668 2127 737 2194 sibi
759 2127 865 2199 noxia
888 2149 969 2192 ora-

57 2239 156 2316 rent,
191 2253 297 2318 quum
328 2255 390 2323 per
411 2253 446 2298 se
470 2233 637 2300 credibile
657 2243 725 2314 est,
759 2242 839 2298 tum
863 2231 969 2298 luve-

57 2331 149 2397 nalis
183 2325 244 2402 sati
272 2335 319 2402 X.
348 2347 513 2419 testatur,
539 2359 673 2428 paucos
703 2335 820 2402 dicens
846 2332 968 2424 digm-

57 2437 151 2502 scere
172 2459 276 2526 posse
302 2460 384 2506 vera
410 2439 503 2505 bona
531 2451 632 2528 atque
653 2464 664 2503 z
661 2439 726 2504 llis
749 2440 896 2503 multum
916 2437 969 2502 di-

56 2563 176 2626 versa,
213 2539 346 2608 remota
377 2543 504 2609 erroris
532 2541 664 2608 nebula
724 2542 842 2610 Fuisse
872 2541 969 2624 adeo,
1030 2615 1032 2622 y

57 2641 122 2736 qui
144 2643 271 2732 injusta
297 2655 397 2736 atque
419 2645 602 2711 inhonesta
624 2669 642 2711 a
664 2645 732 2711 diis
755 2654 967 2735 expeterent,

56 2744 194 2840 videbis
218 2771 252 2834 p.
273 2747 326 2815 22.
357 2747 467 2816 Aliud
487 2771 608 2816 eorum
627 2751 770 2832 vitium,
789 2747 851 2836 qui
867 2768 967 2813 orare
989 2775 991 2780 ·

56 2872 161 2939 quam
194 2862 332 2916 strenua
352 2874 406 2918 res
426 2874 503 2943 suas
524 2875 624 2941 agera
645 2851 837 2934 malebant,
866 2851 968 2915 casti-

55 2965 119 3040 gat
132 2953 305 3040 Virgilius
323 2955 451 3042 Georg.
466 2955 525 3038 111,
543 2959 606 3024 455
622 2979 670 3045 sq.-
685 2956 831 3044 pastoris
846 2975 967 3019 exem·
995 2999 996 3005 κ

54 3057 137 3147 plo,
166 3059 281 3146 quiin
300 3058 422 3130 morbo
443 3059 614 3149 pecudum
636 3062 786 3126 medicas
802 3057 966 3125 adhibere

54 3183 182 3229 manus
212 3161 255 3226 ad
284 3162 427 3230 vulnera
455 3164 617 3254 abnegat,
659 3177 693 3231 et
715 3163 859 3232 meliora
883 3163 966 3256 deos

96 3370 169 3441 ιη)
186 3373 272 3426 valer,
289 3375 359 3426 Max.
376 3375 397 3440 1,
417 3391 440 3427 ι.
462 3376 509 3428 ubi
533 3377 720 3430 commendam
742 3390 782 3430 cst
798 3375 841 3429 dei
858 3377 965 3442 alicujus

127 3459 260 3513 custodiae
273 3463 451 3525 committere}
466 3461 718 3532 gratulationum
731 3465 872 3527 gratiarum
883 3464 967 3513 actio·-

127 3561 191 3596 nem
207 3538 360 3612 'significan'
371 3545 442 3614 quod
459 3545 576 3604 Veratius
592 3547 646 3612 jam
662 3547 760 3600 docuit.
793 3547 870 3600 ldeln
885 3564 966 3618 roca?

130 3629 224 3680 bulum
252 3629 286 3680 de
308 3629 507 3698 supplicatione
531 3647 685 3700 sunrpatum
701 3651 774 3700 ene,
797 3631 967 3698 videmuacx

133 3713 189 3764 cic.
205 3733 265 3788 epp.
281 3716 317 3787 ad
333 3717 393 3768 Div·
410 3713 462 3779 Xl,
485 3717 523 3786 [Q.
